<?xml version="1.0" encoding="UTF-8"?>
  <record xmlns="http://www.loc.gov/MARC21/slim" type="Authority">
    <leader>00000nz  a2200000nc 4500</leader>
    <controlfield tag="001">12947925X</controlfield>
    <controlfield tag="003">DE-101</controlfield>
    <controlfield tag="005">20120920102748.0</controlfield>
    <controlfield tag="008">041020n||aznnnaabn           | aaa    |c</controlfield>
    <datafield tag="024" ind1="7" ind2=" ">
      <subfield code="a">12947925X</subfield>
      <subfield code="0">http://d-nb.info/gnd/12947925X</subfield>
      <subfield code="2">gnd</subfield>
    </datafield>
    <datafield tag="035" ind1=" " ind2=" ">
      <subfield code="a">(DE-101)12947925X</subfield>
    </datafield>
    <datafield tag="035" ind1=" " ind2=" ">
      <subfield code="a">(DE-588)12947925X</subfield>
    </datafield>
    <datafield tag="035" ind1=" " ind2=" ">
      <subfield code="z">(DE-588a)12947925X</subfield>
      <subfield code="9">v:zg</subfield>
    </datafield>
    <datafield tag="040" ind1=" " ind2=" ">
      <subfield code="a">DE-7</subfield>
      <subfield code="c">DE-7</subfield>
      <subfield code="9">r:DE-601</subfield>
      <subfield code="b">ger</subfield>
      <subfield code="d">0547</subfield>
    </datafield>
    <datafield tag="042" ind1=" " ind2=" ">
      <subfield code="a">gnd1</subfield>
    </datafield>
    <datafield tag="075" ind1=" " ind2=" ">
      <subfield code="b">p</subfield>
      <subfield code="2">gndgen</subfield>
    </datafield>
    <datafield tag="075" ind1=" " ind2=" ">
      <subfield code="b">piz</subfield>
      <subfield code="2">gndspec</subfield>
    </datafield>
    <datafield tag="079" ind1=" " ind2=" ">
      <subfield code="a">g</subfield>
      <subfield code="q">a</subfield>
      <subfield code="q">f</subfield>
    </datafield>
    <datafield tag="100" ind1="1" ind2=" ">
      <subfield code="a">Manso, Catharina Elisabeth</subfield>
      <subfield code="d">1630-1690</subfield>
    </datafield>
    <datafield tag="400" ind1="1" ind2=" ">
      <subfield code="a">Manso, Katharina Elisabeth</subfield>
      <subfield code="d">1630-1690</subfield>
    </datafield>
    <datafield tag="400" ind1="1" ind2=" ">
      <subfield code="a">Manso, Catharina Elisabetha</subfield>
      <subfield code="d">1630-1690</subfield>
    </datafield>
    <datafield tag="400" ind1="1" ind2=" ">
      <subfield code="a">Mansius, Catharina Elisabetha</subfield>
      <subfield code="d">1630-1690</subfield>
    </datafield>
    <datafield tag="400" ind1="1" ind2=" ">
      <subfield code="a">Mansoa, Catharina Elisabetha</subfield>
      <subfield code="d">1630-1690</subfield>
    </datafield>
    <datafield tag="400" ind1="1" ind2=" ">
      <subfield code="a">Dauth, Catharina Elisabeth</subfield>
      <subfield code="d">1630-1690</subfield>
      <subfield code="4">nafr</subfield>
      <subfield code="4">https://d-nb.info/standards/elementset/gnd#EarlierNameOfThePerson</subfield>
      <subfield code="w">r</subfield>
      <subfield code="i">Frueherer Name</subfield>
      <subfield code="e">Frueherer Name</subfield>
    </datafield>
    <datafield tag="400" ind1="1" ind2=" ">
      <subfield code="a">Dauth, Katharina Elisabeth</subfield>
      <subfield code="d">1630-1690</subfield>
    </datafield>
    <datafield tag="400" ind1="1" ind2=" ">
      <subfield code="a">Taut, Catharina Elisabeth</subfield>
      <subfield code="d">1630-1690</subfield>
    </datafield>
    <datafield tag="400" ind1="1" ind2=" ">
      <subfield code="a">Taut, Catharina Elisabetha</subfield>
      <subfield code="d">1630-1690</subfield>
    </datafield>
    <datafield tag="400" ind1="1" ind2=" ">
      <subfield code="a">Taut, Katharina Elisabeth</subfield>
      <subfield code="d">1630-1690</subfield>
    </datafield>
    <datafield tag="400" ind1="1" ind2=" ">
      <subfield code="a">Tauth, Catharina Elisabeth</subfield>
      <subfield code="d">1630-1690</subfield>
    </datafield>
    <datafield tag="400" ind1="1" ind2=" ">
      <subfield code="a">Tauth, Katharina Elisabeth</subfield>
      <subfield code="d">1630-1690</subfield>
    </datafield>
    <datafield tag="400" ind1="1" ind2=" ">
      <subfield code="a">Tauta, Catharina Elisabetha</subfield>
      <subfield code="d">1630-1690</subfield>
    </datafield>
    <datafield tag="400" ind1="1" ind2=" ">
      <subfield code="a">Tautia, Catharina Elisabetha</subfield>
      <subfield code="d">1630-1690</subfield>
    </datafield>
    <datafield tag="400" ind1="1" ind2=" ">
      <subfield code="a">Thaut, Catharina Elisabeth</subfield>
      <subfield code="d">1630-1690</subfield>
    </datafield>
    <datafield tag="400" ind1="1" ind2=" ">
      <subfield code="a">Thaut, Katharina Elisabeth</subfield>
      <subfield code="d">1630-1690</subfield>
    </datafield>
    <datafield tag="400" ind1="1" ind2=" ">
      <subfield code="a">Thautina, Catharina Elisabeth</subfield>
      <subfield code="d">1630-1690</subfield>
    </datafield>
    <datafield tag="400" ind1="1" ind2=" ">
      <subfield code="a">Taute, Catharina Elisabeth</subfield>
      <subfield code="d">1630-1690</subfield>
    </datafield>
    <datafield tag="400" ind1="1" ind2=" ">
      <subfield code="a">Taute, Katharina Elisabeth</subfield>
      <subfield code="d">1630-1690</subfield>
    </datafield>
    <datafield tag="500" ind1="1" ind2=" ">
      <subfield code="0">(DE-101)129935646</subfield>
      <subfield code="0">(DE-588)129935646</subfield>
      <subfield code="0">https://d-nb.info/gnd/129935646</subfield>
      <subfield code="a">Manso, Johann Balthasar</subfield>
      <subfield code="d">-1663</subfield>
      <subfield code="4">bezf</subfield>
      <subfield code="4">https://d-nb.info/standards/elementset/gnd#familialRelationship</subfield>
      <subfield code="w">r</subfield>
      <subfield code="i">Beziehung familiaer</subfield>
      <subfield code="e">Beziehung familiaer</subfield>
      <subfield code="9">v:Ehemann</subfield>
    </datafield>
    <datafield tag="548" ind1=" " ind2=" ">
      <subfield code="a">1630-1690</subfield>
      <subfield code="4">datl</subfield>
      <subfield code="4">https://d-nb.info/standards/elementset/gnd#dateOfBirthAndDeath</subfield>
      <subfield code="w">r</subfield>
      <subfield code="i">Lebensdaten</subfield>
    </datafield>
    <datafield tag="667" ind1=" " ind2=" ">
      <subfield code="a">12</subfield>
    </datafield>
    <datafield tag="667" ind1=" " ind2=" ">
      <subfield code="a">VD-17</subfield>
    </datafield>
    <datafield tag="672" ind1=" " ind2="0">
      <subfield code="a">Joh. Balthasari Mansoni, Consiliario Rutheno-Plaviensi Ampliss. Cum Virgine Rem Et Nomen Perquam Habili Amabilique, Catharina Elisabetha Taute; Honoratissimorum PP. F. Nuptias Iteranti, Invitantique Lubentissime Adsunt Gratulantes: Graecii Variscor. Die XXVII. Novembr. Festiva, Anno M.DC.XLIX. - 1649</subfield>
    </datafield>
    <datafield tag="672" ind1=" " ind2="0">
      <subfield code="a">Prorector Academiae Ienensis Jo. Philippus Slevogtius, D. Iurisque &amp; civilis prud. Prof. Iuxta Cum Professoribus Reliquis S. D. Civibus. - 1690</subfield>
    </datafield>
    <datafield tag="678" ind1=" " ind2=" ">
      <subfield code="b">aus der oberen Mark Brandenburg; Tochter des Martin Dauth und der Catharina Breuning; 1649 Heirat mit dem Juristen Johann Balthasar Manso; Mutter der Amalia Catharina (heiratete Peter Pankraz Krause), der Sibylla Sabina (heiratete Johann Jakob Götze), der Maria Judith (heiratete Abraham Freudenreich) und der Anna Justina (heiratete Rudolf Wilhelm Krause)</subfield>
    </datafield>
    <datafield tag="913" ind1=" " ind2=" ">
      <subfield code="S">pnd</subfield>
      <subfield code="i">a</subfield>
      <subfield code="a">Manso, Catharina Elisabeth</subfield>
      <subfield code="0">(DE-588a)12947925X</subfield>
    </datafield>
  </record>
